<?xml version="1.0" encoding="UTF-8"?><collection xmlns="http://www.loc.gov/MARC21/slim"><record><leader>00630nam--2200181-i-4500</leader><controlfield tag="001">000024278</controlfield><controlfield tag="002">20161230</controlfield><controlfield tag="005">20170222002343</controlfield><controlfield tag="008">060222s1000------------r-----000-0-eng-d</controlfield><datafield ind1=" " ind2=" " tag="040"><subfield code="a">IFIN-HH</subfield></datafield><datafield ind1=" " ind2=" " tag="080"><subfield code="a">537.222.22</subfield></datafield><datafield ind1="1" ind2=" " tag="100"><subfield code="a">Jarzebski, Z. M</subfield></datafield><datafield ind1="1" ind2="0" tag="245"><subfield code="a">Oxide semiconductors</subfield><subfield code="b">Volume 4. translated from the Polish by dr.B.Grzybowska-Swierkosz; translation edited by dr. Brian Randall Pamplin</subfield><subfield code="c">Z.M. Jarzebski</subfield></datafield><datafield ind1=" " ind2=" " tag="260"><subfield code="a">Oxford</subfield><subfield code="b">Pergamon Press</subfield><subfield code="c">1973</subfield></datafield><datafield ind1=" " ind2=" " tag="300"><subfield code="a">XI + 285 p</subfield></datafield><datafield ind1=" " ind2=" " tag="490"><subfield code="a">International Series Of Monographs In The Science Of The Solid State</subfield></datafield><datafield ind1=" " ind2=" " tag="852"><subfield code="a">30272</subfield><subfield code="c">537.311.33</subfield></datafield><datafield ind1=" " ind2=" " tag="CAT"><subfield code="a">SYS</subfield><subfield code="c">20170222</subfield><subfield code="h">002343</subfield></datafield></record></collection>